<?xml version="1.0" encoding="UTF-8"?><collection xmlns="http://www.loc.gov/MARC21/slim"><record><leader>00444nam--2200169-u-4500</leader><controlfield tag="001">000056454</controlfield><controlfield tag="002">20161230</controlfield><controlfield tag="005">20161230201052</controlfield><controlfield tag="008">151021s1000------------r-----000-0-rus-d</controlfield><datafield ind1=" " ind2=" " tag="040"><subfield code="a">IFIN-HH</subfield></datafield><datafield ind1=" " ind2=" " tag="041"><subfield code="a">rus</subfield></datafield><datafield ind1=" " ind2=" " tag="080"><subfield code="a">517.3</subfield></datafield><datafield ind1="1" ind2=" " tag="100"><subfield code="a">Krikunov, Iu.M</subfield></datafield><datafield ind1="1" ind2="0" tag="245"><subfield code="a">Lectii po uravniniam matematiceskoi fiziki i integralnim uravneniam</subfield><subfield code="c">Iu.m. krikunov</subfield></datafield><datafield ind1=" " ind2=" " tag="260"><subfield code="a">/F.Loc.</subfield><subfield code="b">Kazanskogo Universiteta</subfield><subfield code="c">1970</subfield></datafield><datafield ind1=" " ind2=" " tag="300"><subfield code="a">209P</subfield></datafield><datafield ind1=" " ind2=" " tag="852"><subfield code="a">33534</subfield></datafield></record></collection>